% This file was created with Citavi 6.14.0.0

@book{,
 year = {1970},
 title = {Software Pioneers},
 address = {Berlin, Heidelberg},
 publisher = {Springer-Verlag},
 isbn = {978-3-642-63970-8},
 editor = {Broy, Manfred and Denert, Ernst},
 doi = {10.1007/978-3-642-59412-0}
}



